@article{Ablikim2010345,
author = {M. Ablikim et al.}, 
title = {Design and construction of the \{BESIII\} detector},
journal = {Nuclear Instruments and Methods in Physics Research Section A: Accelerators, Spectrometers, Detectors and Associated Equipment},
volume = {614},
number = {3},
year = {2010},
}
@article{3136260,
author = {S. Agostinelli et al.},
title = {Geant4—a simulation toolkit},
journal = {Nuclear Instruments \& Methods in Physics Research Section A-accelerators Spectrometers Detectors and Associated Equipment},
volume = {506},
year = {2003},
}
@articel{1610988, 
author = {Allison, J. et al.}, 
journal = {Nuclear Science, IEEE Transactions on}, 
title = {Geant4 developments and applications}, 
year = {2006}, 
month = {Feb}, 
volume = {53}, 
number = {1}, 
pages = {270-278}, 
}
@article{PhysRevD.86.010001,
author = {J. Beringer et al.},
title = {Review of Particle Physics},
journal = {Physical Review D},
volume = {86},
pages = {010001},
year = {2012,2013}
}
@article{1126-6708-2007-11-030,
  author = {Johan Bijnens and Karim Ghorbani},
  title = {$\eta\rightarrow{}3\pi$ at two loops in Chiral Perturbation Theory},
  journal = {Journal of High Energy Physics},
  volume = {2007},
  number = {11},
  pages = {030},
  year = {2007},
}
@article{Abele1998197,
author = {A Abele et al.},
title = {Momentum dependence of the decay $\eta\rightarrow\pi^{+}\pi^{-}\pi^{0}$},
journal = {Physics Letters B},
volume = {417},
number = {1–2},
pages = {197 - 201},
year = {1998},
doi = {http://dx.doi.org/10.1016/S0370-2693(97)01376-2},
url = {http://www.sciencedirect.com/science/article/pii/S0370269397013762}
}
@article{1126-6708-2008-05-006,
  author={The KLOE collaboration and F. Ambrosino et al.},
  title = {Determination of $\eta\rightarrow\pi^{+}\pi^{-}\pi^{0}$ Dalitz plot slopes and asymmetries with the KLOE detector},
  journal = {Journal of High Energy Physics},
  volume = {2008},
  number = {05},
  pages = {006},
  year = {2008},
  url = {http://stacks.iop.org/1126-6708/2008/i=05/a=006}
}
@article{Gasser1985539,
author = {J. Gasser and H. Leutwyler},
title = {$\eta\rightarrow{}3\pi$ to one loop},
journal = {Nuclear Physics B},
volume = {250},
number = {1–4},
pages = {539 - 560},
year = {1985}
}
